@inproceedings{jiang2023zip,
  title={“Low-Resource” Text Classification: A Parameter-Free Classification Method with Compressors},
  author={Jiang, Zhiying and Yang, Matthew and Tsirlin, Mikhail and Tang, Raphael and Dai, Yiqin and Lin, Jimmy},
  booktitle={Findings of the Association for Computational Linguistics: ACL 2023},
  pages={6810--6828},
  year={2023}
}

@article{opitz2023gzip,
  title={Gzip versus bag-of-words for text classification with KNN},
  author={Opitz, Juri},
  journal={arXiv preprint arXiv:2307.15002},
  year={2023}
}

@article{deletang2023language,
  title={Language modeling is compression},
  author={Del{\'e}tang, Gr{\'e}goire and Ruoss, Anian and Duquenne, Paul-Ambroise and Catt, Elliot and Genewein, Tim and Mattern, Christopher and Grau-Moya, Jordi and Wenliang, Li Kevin and Aitchison, Matthew and Orseau, Laurent and others},
  journal={arXiv preprint arXiv:2309.10668},
  year={2023}
}

@article{mandelbrot1953informational,
  title={An informational theory of the statistical structure of language},
  author={Mandelbrot, Benoit and others},
  journal={Communication theory},
  volume={84},
  pages={486--502},
  year={1953}
}

@book{zipf2013psycho,
  title={The psycho-biology of language: An introduction to dynamic philology},
  author={Zipf, George Kingsley},
  year={1936},
  publisher={Routledge}
}

@book{zipf2016human,
  title={Human behavior and the principle of least effort: An introduction to human ecology},
  author={Zipf, George Kingsley},
  year={1949},
  publisher={Ravenio Books}
}

@article{francis1979brown,
  title={Brown corpus manual},
  author={Francis, W Nelson and Kucera, Henry},
  journal={Letters to the Editor},
  volume={5},
  number={2},
  pages={7},
  year={1979}
}

@article{hesterberg2011bootstrap,
  title={Bootstrap},
  author={Hesterberg, Tim},
  journal={Wiley Interdisciplinary Reviews: Computational Statistics},
  volume={3},
  number={6},
  pages={497--526},
  year={2011},
  publisher={Wiley Online Library}
}

@article{loper2002nltk,
  title={Nltk: The natural language toolkit},
  author={Loper, Edward and Bird, Steven},
  journal={arXiv preprint cs/0205028},
  year={2002}
}

@inproceedings{heafield2011kenlm,
  title={KenLM: Faster and smaller language model queries},
  author={Heafield, Kenneth},
  booktitle={Proceedings of the sixth workshop on statistical machine translation},
  pages={187--197},
  year={2011}
}

@article{raffel2020exploring,
  title={Exploring the limits of transfer learning with a unified text-to-text transformer},
  author={Raffel, Colin and Shazeer, Noam and Roberts, Adam and Lee, Katherine and Narang, Sharan and Matena, Michael and Zhou, Yanqi and Li, Wei and Liu, Peter J},
  journal={Journal of machine learning research},
  volume={21},
  number={140},
  pages={1--67},
  year={2020}
}

@article{warstadt2020blimp,
  title={BLiMP: The benchmark of linguistic minimal pairs for English},
  author={Warstadt, Alex and Parrish, Alicia and Liu, Haokun and Mohananey, Anhad and Peng, Wei and Wang, Sheng-Fu and Bowman, Samuel R},
  journal={Transactions of the Association for Computational Linguistics},
  volume={8},
  pages={377--392},
  year={2020},
  publisher={MIT Press One Rogers Street, Cambridge, MA 02142-1209, USA journals-info~…}
}

@book{chomsky1993lectures,
  title={Lectures on government and binding: The Pisa lectures},
  author={Chomsky, Noam},
  number={9},
  year={1993},
  publisher={Walter de Gruyter}
}

@article{warstadt2019cola,
  title={Cola: The corpus of linguistic acceptability (with added annotations)},
  author={Warstadt, Alex and Singh, Amanpreet and Bowman, Samuel R},
  year={2019}
}
